% Bibliography for Hierarchical Reasoning Model
% Auto-generated template - manual refinement required
% Total references in paper: 101

@book{ref001,
  title={Ian Goodfellow, Yoshua Bengio, and Aaron Courville},
  author={Ian Goodfellow, Yoshua Bengio, and Aaron Courville},
  year={2016},
  note={Reference 1: Ian Goodfellow, Yoshua Bengio, and Aaron Courville. Deep Learning. MIT Press, 2016. http://www.deepl...}
}

@inproceedings{ref002,
  title={Kaiming He, X},
  author={Kaiming He, X},
  year={2016},
  note={Reference 2: Kaiming He, X. Zhang, Shaoqing Ren, and Jian Sun. Deep residual learning for image recognition. 2016...}
}

@misc{ref003,
  title={Lena Strobl},
  author={Lena Strobl},
  year={2023},
  note={Reference 3: Lena Strobl. Average-hard attention transformers are constant-depth uniform threshold circuits, 2023...}
}

@misc{ref010,
  title={Jason Wei, Yi Tay, et al},
  author={Jason Wei, Yi Tay, et al},
  year={2022},
  note={Reference 10: Jason Wei, Yi Tay, et al. Chain-of-thought prompting elicits reasoning in large language models, 202...}
}

% TODO: Add remaining references 5-101 from the PDF
% Use pdftotext to extract full bibliography section
